@article{zhang-2021,
	author = {Zhang, Caiming and Chen, Yong and Chen, Hong and Chong, Dazhi},
	journal = {Information Systems Frontiers},
	month = {6},
	number = {5},
	pages = {1773--1783},
	title = {{Industry 4.0 and its Implementation: a Review}},
	volume = {26},
	year = {2021},
	doi = {10.1007/s10796-021-10153-5},
	url = {https://doi.org/10.1007/s10796-021-10153-5},
}
@article{liu-2023,
	author = {Liu, Yuehua and Yu, Wenjin and Rahayu, Wenny and Dillon, Tharam},
	journal = {IEEE Internet of Things Journal},
	month = {2},
	number = {13},
	pages = {11160--11184},
	title = {{An evaluative study on IoT Ecosystem for Smart Predictive Maintenance (IOT-SPM) in Manufacturing: multiview requirements and data quality}},
	volume = {10},
	year = {2023},
	doi = {10.1109/jiot.2023.3246100},
	url = {https://doi.org/10.1109/jiot.2023.3246100},
}
@article{lattanzi-2021,
	author = {Lattanzi, Luca and Raffaeli, Roberto and Peruzzini, Margherita and Pellicciari, Marcello},
	journal = {International Journal of Computer Integrated Manufacturing},
	month = {4},
	number = {6},
	pages = {567--597},
	title = {{Digital twin for smart manufacturing: a review of concepts towards a practical industrial implementation}},
	volume = {34},
	year = {2021},
	doi = {10.1080/0951192x.2021.1911003},
	url = {https://doi.org/10.1080/0951192x.2021.1911003},
}
@article{awasthi-2021,
	author = {Awasthi, Ankita and Saxena, Kuldeep K. and Arun, Vanya},
	journal = {Materials Today Proceedings},
	month = {1},
	pages = {2069--2079},
	title = {{Sustainable and smart metal forming manufacturing process}},
	volume = {44},
	year = {2021},
	doi = {10.1016/j.matpr.2020.12.177},
	url = {https://doi.org/10.1016/j.matpr.2020.12.177},
}
@article{jiang-2020,
	author = {Jiang, Yuchen and Yin, Shen and Dong, Jingwei and Kaynak, Okyay},
	journal = {IEEE Sensors Journal},
	month = {10},
	number = {11},
	pages = {12868--12881},
	title = {{A review on soft sensors for monitoring, control, and optimization of industrial processes}},
	volume = {21},
	year = {2020},
	doi = {10.1109/jsen.2020.3033153},
	url = {https://doi.org/10.1109/jsen.2020.3033153},
}
@article{toscani-2023,
	author = {Toscani, Andrea and Immovilli, Fabio and Pinardi, Daniel and Cattani, Luca},
	journal = {IEEE Transactions on Industrial Electronics},
	month = {8},
	number = {7},
	pages = {7975--7985},
	title = {{A novel scalable digital data acquisition system for industrial condition monitoring}},
	volume = {71},
	year = {2023},
	doi = {10.1109/tie.2023.3301521},
	url = {https://doi.org/10.1109/tie.2023.3301521},
}
@article{nizam-2022,
	author = {Nizam, Hussain and Zafar, Samra and Lv, Zefeng and Wang, Fan and Hu, Xiaopeng},
	journal = {IEEE Sensors Journal},
	month = {10},
	number = {23},
	pages = {22836--22849},
	title = {{Real-Time Deep Anomaly Detection Framework for multivariate Time-Series data in industrial IoT}},
	volume = {22},
	year = {2022},
	doi = {10.1109/jsen.2022.3211874},
	url = {https://doi.org/10.1109/jsen.2022.3211874},
}
@article{pech-2021,
	author = {Pech, Martin and Vrchota, Jaroslav and Bednář, Jiří},
	journal = {Sensors},
	month = {2},
	number = {4},
	pages = {1470},
	title = {{Predictive maintenance and Intelligent Sensors in Smart Factory: review}},
	volume = {21},
	year = {2021},
	doi = {10.3390/s21041470},
	url = {https://doi.org/10.3390/s21041470},
}
@article{amer-2023,
	author = {Amer, Sara and Mohamed, Hoda K. and Mansour, Marvy Badr Monir},
	journal = {IEEE},
	month = {11},
	pages = {58--66},
	title = {{Predictive Maintenance by Machine Learning Methods}},
	year = {2023},
	doi = {10.1109/icicis58388.2023.10391130},
	url = {https://doi.org/10.1109/icicis58388.2023.10391130},
}
@article{liu-2021,
	author = {Liu, Yixin and Li, Zhao and Pan, Shirui and Gong, Chen and Zhou, Chuan and Karypis, George},
	journal = {IEEE Transactions on Neural Networks and Learning Systems},
	month = {4},
	number = {6},
	pages = {2378--2392},
	title = {{Anomaly detection on attributed networks via contrastive Self-Supervised Learning}},
	volume = {33},
	year = {2021},
	doi = {10.1109/tnnls.2021.3068344},
	url = {https://doi.org/10.1109/tnnls.2021.3068344},
}
@article{ou-2022,
	author = {Ou, Chen and Zhu, Hongqiu and Shardt, Yuri A. W. and Ye, Lingjian and Yuan, Xiaofeng and Wang, Yalin and Yang, Chunhua},
	journal = {IEEE Transactions on Neural Networks and Learning Systems},
	month = {2},
	number = {3},
	pages = {3943--3953},
	title = {{Quality-Driven regularization for deep learning networks and its application to industrial soft sensors}},
	volume = {36},
	year = {2022},
	doi = {10.1109/tnnls.2022.3144162},
	url = {https://doi.org/10.1109/tnnls.2022.3144162},
}
@article{zhou-2022,
	author = {Zhou, Xiaofeng and Zhai, Naiju and Li, Shuai and Shi, Haibo},
	journal = {IEEE Transactions on Industrial Informatics},
	month = {7},
	number = {5},
	pages = {6872--6882},
	title = {{Time series prediction method of industrial process with limited data based on transfer learning}},
	volume = {19},
	year = {2022},
	doi = {10.1109/tii.2022.3191980},
	url = {https://doi.org/10.1109/tii.2022.3191980},
}
@article{islam-2024,
	author = {Islam, Mohammad Shariful and Rony, Mohammad Abu Tareq and Safran, Mejdl and Alfarhood, Sultan and Che, Dunren},
	journal = {IEEE Access},
	month = {1},
	pages = {65780--65798},
	title = {{Elevating Driver Behavior Understanding with RKND: A Novel Probabilistic Feature Engineering approach}},
	volume = {12},
	year = {2024},
	doi = {10.1109/access.2024.3397725},
	url = {https://doi.org/10.1109/access.2024.3397725},
}
@article{makridakis-2022,
	author = {Makridakis, Spyros and Spiliotis, Evangelos and Assimakopoulos, Vassilios and Semenoglou, Artemios-Anargyros and Mulder, Gary and Nikolopoulos, Konstantinos},
	journal = {Journal of the Operational Research Society},
	month = {9},
	number = {3},
	pages = {840--859},
	title = {{Statistical, machine learning and deep learning forecasting methods: Comparisons and ways forward}},
	volume = {74},
	year = {2022},
	doi = {10.1080/01605682.2022.2118629},
	url = {https://doi.org/10.1080/01605682.2022.2118629},
}
@article{alami-2024,
	author = {Alami, Ahmed and Belmajdoub, Fouad},
	journal = {International Journal of Advanced Computer Science and Applications},
	month = {1},
	number = {8},
	title = {{Noise Reduction Techniques in ADAS Sensor Data Management: Methods and Comparative analysis}},
	volume = {15},
	year = {2024},
	doi = {10.14569/ijacsa.2024.0150868},
	url = {https://doi.org/10.14569/ijacsa.2024.0150868},
}
@article{taskinen-2024,
	author = {Taskinen, P and Lindberg, D},
	journal = {Fluxes and Salts},
	month = {6},
	pages = {1455--1464},
	title = {{Challenges facing non-ferrous metal production}},
	year = {2024},
	doi = {10.62053/vtjd2567},
	url = {https://doi.org/10.62053/vtjd2567},
}
@article{olesen-2020,
	author = {Olesen, Jonas Fausing and Shaker, Hamid Reza},
	journal = {Sensors},
	month = {4},
	number = {8},
	pages = {2425},
	title = {{Predictive Maintenance for pump systems and thermal power Plants: State-of-the-Art Review, Trends and Challenges}},
	volume = {20},
	year = {2020},
	doi = {10.3390/s20082425},
	url = {https://doi.org/10.3390/s20082425},
}
@article{leukel-2021,
	author = {Leukel, Joerg and González, Julian and Riekert, Martin},
	journal = {Journal of Manufacturing Systems},
	month = {9},
	pages = {87--96},
	title = {{Adoption of machine learning technology for failure prediction in industrial maintenance: A systematic review}},
	volume = {61},
	year = {2021},
	doi = {10.1016/j.jmsy.2021.08.012},
	url = {https://doi.org/10.1016/j.jmsy.2021.08.012},
}
@article{chen-2021,
	author = {Chen, Cheng and Hu, Yuhan and Karuppiah, Marimuthu and Kumar, Priyan Malarvizhi},
	journal = {Sustainable Energy Technologies and Assessments},
	month = {6},
	pages = {101358},
	title = {{Artificial intelligence on economic evaluation of energy efficiency and renewable energy technologies}},
	volume = {47},
	year = {2021},
	doi = {10.1016/j.seta.2021.101358},
	url = {https://doi.org/10.1016/j.seta.2021.101358},
}
@article{khowaja-2022,
	author = {Khowaja, Sunder Ali and Dev, Kapal and Qureshi, Nawab Muhammad Faseeh and Khuwaja, Parus and Foschini, Luca},
	journal = {IEEE Wireless Communications},
	month = {4},
	number = {2},
	pages = {76--83},
	title = {{Toward Industrial Private AI: A Two-Tier Framework for Data and Model Security}},
	volume = {29},
	year = {2022},
	doi = {10.1109/mwc.001.2100479},
	url = {https://doi.org/10.1109/mwc.001.2100479},
}
@article{paleyes-2022,
	author = {Paleyes, Andrei and Urma, Raoul-Gabriel and Lawrence, Neil D.},
	journal = {ACM Computing Surveys},
	month = {4},
	number = {6},
	pages = {1--29},
	title = {{Challenges in Deploying Machine Learning: A survey of case studies}},
	volume = {55},
	year = {2022},
	doi = {10.1145/3533378},
	url = {https://doi.org/10.1145/3533378},
}
@article{landers-2022,
	author = {Landers, Richard N and Behrend, Tara S},
	journal = {American Psychologist},
	month = {2},
	number = {1},
	pages = {36--49},
	title = {{Auditing the AI auditors: A framework for evaluating fairness and bias in high stakes AI predictive models.}},
	volume = {78},
	year = {2022},
	doi = {10.1037/amp0000972},
	url = {https://doi.org/10.1037/amp0000972},
}
@misc{nvidia-2025,
        author = {NVIDIA},
	title = {{NVIDIA Omniverse}},
	url = {https://www.nvidia.com/en-us/omniverse},
}
@misc{sap-2024,
	author = {SAP},
	month = {2},
	title = {{SAP Leonardo Machine Learning - Overview}},
	year = {2024},
	url = {https://community.sap.com/t5/technology-blogs-by-members/sap-leonardo-machine-learning-overview/ba-p/13372348},
}
@article{costa-2023,
	author = {Costa, Gianni and Forestiero, Agostino and Ortale, Riccardo},
	journal = {IEEE Transactions on Services Computing},
	month = {10},
	number = {6},
	pages = {4514--4525},
	title = {{Rule-Based detection of anomalous patterns in device behavior for explainable IoT security}},
	volume = {16},
	year = {2023},
	doi = {10.1109/tsc.2023.3327822},
	url = {https://doi.org/10.1109/tsc.2023.3327822},
}
@misc{rao-2024,
	author = {Rao, Praveen and Studdert, John},
	month = {9},
	title = {{Connect IT and OT data faster with MDE and Cortex Framework}},
	year = {2024},
	url = {https://cloud.google.com/blog/topics/manufacturing/manufacturing-bridging-it-ot-data-engine-cortex-framework},
}
@misc{aws-2025,
        author = {Amazon Web Services},
	title = {{Optimize Industrial Processes with Machine Learning | Amazon Web Services (1:31)}},
	url = {https://aws.amazon.com/industrial/machine-learning},
}
@misc{keras-2025,
	author = {Keras},
	title = {{Keras documentation: Timeseries anomaly detection using an Autoencoder}},
	url = {https://keras.io/examples/timeseries/timeseries_anomaly_detection},
}
